@misc{Perez2011,
	author = {Perez, M Fajardo and Cucchi and Montes, Paniagua and Miguel, Garcia},
	file = {:C\:/Users/andres/Desktop/Bloqueo_continuo_de_los_nervios_pectoral.pdf:pdf},
	mendeley-groups = {GANs US Nerve/Medicina},
	pages = {191--192},
	title = {{Bloqueo continuo de los nervios pectorales para cirug{\'{i}}a de mama}},
	volume = {16},
	year = {2011}
},
@article{AcedoGutierrez2005,
	author = {{Acedo Guti{\'{e}}rrez}, M. S.},
	doi = {10.4321/s0378-48352005000300007},
	file = {:C\:/Users/andres/Desktop/07.pdf:pdf},
	journal = {Oncolog{\'{i}}a (Barcelona)},
	mendeley-groups = {GANs US Nerve/Medicina},
	number = {3},
	pages = {38--40},
	title = {{Tratamiento del dolor: t{\'{e}}cnicas locorregionales. Bloqueos}},
	volume = {28},
	year = {2005}
},
@misc{bloqueo,
	title = {Anestesia Regional},
	howpublished = {\url{www.cancercarewny.com/content.aspx?chunkiid=217139}},
	note = {Accedido: 2020-06-17}
},
@misc{estimulacion,
	title = {Estimulaci{\'{o}}n Nerviosa Perif{\'{e}}rica en Anestesia Regional},
	howpublished = {\url{http://anestesiaregionalargentina.com/web3/index.php/tecnicas/varios/83-neurolocalizacion}},
	note = {Accedido: 2020-06-19},
	author = {Dr Carlos A. Bollini, Dr Fernando J. Cacheiro, Dr William F. Urmey}
},
@misc{bloqueoUltrasonido,
	title = {Femoral Nerve Block under POCUS},
	howpublished = {\url{hwww.grepmed.com/images/4850/nerveblock-pediatrics-transverse-clinical-femoral-pocus-pain}},
	note = {Accedido: 2020-06-20}
},
@misc{Isola,
	title={Image-to-Image Translation with Conditional Adversarial Networks},
	author={Phillip Isola and Jun-Yan Zhu and Tinghui Zhou and Alexei A. Efros},
	year={2016},
	eprint={1611.07004},
	archivePrefix={arXiv},
	primaryClass={cs.CV}
},
@article{Huang2019,
	author = {Huang, Chanyan and Zhou, Ying and Tan, Wulin and Qiu, Zeting and Zhou, Huaqiang and Song, Yiyan and Zhao, Yue and Gao, Shaowei},
	doi = {10.21037/atm.2019.08.61},
	file = {:C$\backslash$:/Users/andres/AppData/Local/Mendeley Ltd./Mendeley Desktop/Downloaded/Huang et al. - 2019 - Applying deep learning in recognizing the femoral nerve block region on ultrasound images Huang et al. A deep netw.pdf:pdf},
	issn = {23055839},
	journal = {Annals of Translational Medicine},
	keywords = {Deep learning,U-net,femoral nerve,semantic segmentation,ultrasound},
	mendeley-groups = {GANs US Nerve/Nerve Segmentation},
	number = {18},
	pages = {453--453},
	title = {{Applying deep learning in recognizing the femoral nerve block region on ultrasound images}},
	url = {http://dx.doi.org/10.21037/atm.2019.08.61http://dx.doi.org/10.21037/atm.2019.08.61http://dx.doi.org/10.21037/atm.2019.08.61},
	volume = {7},
	year = {2019}
},
@book{GilGonzalez2015,
	author = {{Gil Gonzalez}, Julian and Alvarez, Mauricio A. and Orozco, Alvaro A.},
	booktitle = {Proceedings of the Annual International Conference of the IEEE Engineering in Medicine and Biology Society, EMBS},
	doi = {10.1109/EMBC.2015.7319045},
	file = {:C$\backslash$:/Users/andres/AppData/Local/Mendeley Ltd./Mendeley Desktop/Downloaded/Gil Gonz{\'{a}}lez, Alvarez, Orozco - 2015 - Automatic Segmentation of Nerve Structures in Ultrasound Images Using Graph Cuts and Gaussian Pro.pdf:pdf},
	isbn = {9781424492718},
	issn = {1557170X},
	keywords = {Doppler ultrasonic imaging,Image feature extraction,Image segmentation},
	mendeley-groups = {GANs US Nerve/Nerve Segmentation},
	pages = {3089--3092},
	title = {{Automatic segmentation of nerve structures in ultrasound images using Graph Cuts and Gaussian processes}},
	url = {http://cbia.fi.muni.cz/projects/graph-},
	volume = {2015-November},
	year = {2015}
},
@techreport{Hafiane2017,
	archivePrefix = {arXiv},
	arxivId = {1706.05870},
	author = {Hafiane, Adel and Vieyres, Pierre and Delbos, Alain},
	eprint = {1706.05870},
	file = {:C$\backslash$:/Users/andres/AppData/Local/Mendeley Ltd./Mendeley Desktop/Downloaded/Hafiane, Vieyres, Delbos - Unknown - DEEP LEARNING WITH SPATIOTEMPORAL CONSISTENCY FOR NERVE SEGMENTATION IN ULTRASOUND IMAGES(2).pdf:pdf},
	keywords = {Index Terms-Deep learning,active contour,regional anaesthesia,spatiotemporal coherence,ultrasound images},
	mendeley-groups = {GANs US Nerve/Nerve Segmentation},
	title = {{Deep learning with spatiotemporal consistency for nerve segmentation in ultrasound images}},
	url = {http://arxiv.org/abs/1706.05870},
	year = {2017}
},
@article{Hadjerci2016,
	author = {Hadjerci, Oussama and Hafiane, Adel and Morette, Nicolas and Novales, Cyril and Vieyres, Pierre and Delbos, Alain},
	year = {2016},
	month = {05},
	pages = {},
	title = {Assistive system based on nerve detection and needle navigation in ultrasound images for regional anesthesia},
	volume = {61},
	journal = {Expert Systems with Applications},
	doi = {10.1016/j.eswa.2016.05.002}
},
@techreport{Jocic2017,
	abstract = {Deep Learning Tutorial for Kaggle Ultrasound Nerve Segmentation competition, using Keras.},
	author = {Jocic, Marko},
	booktitle = {GitHub},
	file = {:C$\backslash$:/Users/andres/AppData/Local/Mendeley Ltd./Mendeley Desktop/Downloaded/Unknown - Unknown - (No Title).pdf:pdf},
	mendeley-groups = {GANs US Nerve/Nerve Segmentation},
	title = {{Ultrasound Nerve Segmentation}},
	url = {https://github.com/jocicmarko/ultrasound-nerve-segmentation},
	year = {2017}
},
@article{Rubasinghe2019,
	author = {Rubasinghe, Iresha and Meedeniya, Dulani},
	doi = {10.5614/itbj.ict.res.appl.2019.13.3.5},
	file = {:C$\backslash$:/Users/andres/Downloads/11557-36194-2-PB.pdf:pdf},
	issn = {23385499},
	journal = {Journal of ICT Research and Applications},
	keywords = {Deep learning,Deep probabilistic programming,Generative adversarial network,Nerve segmentation,Neuroscience decision support},
	mendeley-groups = {GANs US Nerve/Nerve Segmentation},
	number = {3},
	pages = {241--256},
	title = {{Ultrasound nerve segmentation using deep probabilistic programming}},
	volume = {13},
	year = {2019}
},
@article{Zhang2017,
	file = {:C$\backslash$:/Users/andres/AppData/Local/Mendeley Ltd./Mendeley Desktop/Downloaded/Niu et al. - Unknown - Image Segmentation with Pyramid Dilated Convolution Based on ResNet and U-Net Medical Image View project Visual T.pdf:pdf},
	isbn = {9783319700953},
	issn = {16113349},
	journal = {Lecture Notes in Computer Science (including subseries Lecture Notes in Artificial Intelligence and Lecture Notes in Bioinformatics)},
	keywords = {Convolutional neural network,Deep learning,Medical image,Semantic image segmentation,Ultrasound Nerve Segmentation},
	mendeley-groups = {GANs US Nerve/Nerve Segmentation},
	pages = {364--372},
	title = {{Image Segmentation with Pyramid Dilated Convolution Based on ResNet and U-Net}},
	url = {https://www.researchgate.net/publication/320631725},
	volume = {10635 LNCS},
	year = {2017}
},
@article{Liu2018,
	author = {Liu, C. and Liu, F. and Wang, L. and Ma, L. and Lu, Z.-M},
	year = {2018},
	month = {02},
	pages = {53-64},
	title = {Segmentation of nerve on ultrasound images using deep adversarial network},
	volume = {14},
	journal = {International Journal of Innovative Computing, Information and Control},
	doi = {10.24507/ijicic.14.01.53}
},
@inproceedings{Giraldo2015,
	author = {Giraldo, Juan J and Alvarez, Mauricio A. and Orozco, Alvaro A.},
	booktitle = {Proceedings of the Annual International Conference of the IEEE Engineering in Medicine and Biology Society, EMBS},
	doi = {10.1109/EMBC.2015.7319048},
	file = {:C$\backslash$:/Users/andres/AppData/Local/Mendeley Ltd./Mendeley Desktop/Downloaded/Giraldo, Alvarez, Orozco - 2015 - Peripheral Nerve Segmentation Using Nonparametric Bayesian Hierarchical Clustering.pdf:pdf},
	isbn = {9781424492718},
	issn = {1557170X},
	keywords = {Image enhancement,Image segmentation,Ultrasonic interventional imaging},
	mendeley-groups = {GANs US Nerve/Nerve Segmentation},
	pages = {3101--3104},
	title = {{Peripheral nerve segmentation using Nonparametric Bayesian Hierarchical Clustering}},
	url = {www.mathworks.com/matlabcentral/fileexchange/},
	volume = {2015-Novem},
	year = {2015}
},
@article{Asenjo2008,
	address = {Canada},
	author = {Asenjo, Juan Francisco},
	file = {:C\:/Users/andres/AppData/Local/Mendeley Ltd./Mendeley Desktop/Downloaded/Unknown - Unknown - full-text.pdf:pdf},
	institution = {Departamento de Anestesia y Centro del Dolor. McGill University Montreal Qc. Canada},
	mendeley-groups = {GANs US Nerve/Medicina},
	pages = {1},
	title = {{Bloqueos de nervios perif{\'{e}}ricos continuos asistidos por ultrasonido}},
	volume = {31},
	year = {2008},
	journal = {Revista Mexicana de Anestesiolog{\'{i}}a}
},
@article{Ivan2006,
	title = {{Caracter{\'{i}}sticas de las demandas por lesiones a nervios perif{\'{e}}ricos durante procedimientos invasivos. Vinculaci{\'{o}}n de los anestesi{\'{o}}logos}},
	journal = {{Revista Colombiana de Anestesiolog{\'{i}}a}},
	author={Manrique Bacca, Jorge Iv{\'{a}}n},
	ISSN = {0120-3347},
	language = {es},
	URL = {http://www.scielo.org.co/scielo.php?script=sci_arttext&pid=S0120-33472006000200003&nrm=iso},
	volume = {34},
	year = {2006},
	month = {06},
	pages = {83 - 88},
	publisher = {scieloco},
},
@phdthesis{GiraldoGutierres2015,
	author = {{Giraldo Gutierres}, Juan Jose},
	file = {:C\:/Users/andres/AppData/Local/Mendeley Ltd./Mendeley Desktop/Downloaded/Unknown - Unknown - full-text(2).pdf:pdf},
	mendeley-groups = {GANs US Nerve/Segmentacion,GANs US Nerve/Nerve Segmentation,GANs US Nerve/ML en medicina},
	school = {Universidad Tecnologica de Pereira},
	title = {{Segmentaci{\'{o}}n autom{\'{a}}tica de estructuras nerviosas en im{\'{a}}genes de ultrasonido: una comparaci{\'{o}}n entre t{\'{e}}cnicas de procesamiento de im{\'{a}}genes y modelos Bayesianos no param{\'{e}}tricos.}},
	year = {2015}
},
@article{HernanF,
	author = {Garcia, Hernan F. and Giraldo, Juan J. and Alvarez, Mauricio A. and Orozco, Alvaro A. and Salazar, Diego},
	mendeley-groups = {GANs US Nerve,GANs US Nerve/Segmentacion},
	title = {{Peripheral Nerve Segmentation Using SpeckleRemoval and Bayesian Shape Models}},
	journal = {Springer International},
	year = {2015}
},
@misc{kaggle,
	title = {Ultrasound nerve segmentation},
	howpublished = {\url{www.kaggle.com/c/ultrasound-nerve-segmentation}},
	note = {Accedido: 2019-11-20}
},